@book{knuth1979tex,
	title={TEX and METAFONT: New directions in typesetting},
	author={Knuth, Donald Ervin},
	year={1979},
	publisher={American Mathematical Society}
}
@book{liang1983word,
	title={Word hyphenation by computer},
	author={Liang, Franklin Mark},
	year={1983},
	publisher={Department of Computer Science, Stanford University}
}
@article{nemeth2006automatic,
  title={Automatic non-standard hyphenation in OpenOffice. org},
  author={N{\'e}meth, L{\'a}szl{\'o}},
  journal={COMMUNICATIONS OF THE TEX USERS GROUP TUGBOAT EDITOR BARBARA BEETON PROCEEDINGS EDITOR KARL BERRY},
  pages={32},
  year={2006}
}
@misc{chollet2015keras,
	title={Keras},
	author={Chollet, Fran{\c{c}}ois},
	year={2015}
}
@article{halacsy2004creating,
	title={Creating open language resources for Hungarian},
	author={Hal{\'a}csy, P{\'e}ter and Kornai, Andr{\'a}s and Laszlo, Nemeth and Andras, Rung and Szakad{\'a}t, Istv{\'a}n and Viktor, Tron},
	year={2004}
}
@inproceedings{kornai2006web,
	title={Web-based frequency dictionaries for medium density languages},
	author={Kornai, Andr{\'a}s and Hal{\'a}csy, P{\'e}ter and Nagy, Viktor and Oravecz, Csaba and Tr{\'o}n, Viktor and Varga, D{\'a}niel},
	booktitle={Proceedings of the 2nd International Workshop on Web as Corpus},
	pages={1--8},
	year={2006},
	organization={Association for Computational Linguistics}
}
